@misc{RxPy,
  Author = {Reactive X},
  Key = {Reactive Programming, EventListeners},
  Title = {Reactive Programming Python Library},
  Url = {https://github.com/ReactiveX/RxPY}
}

@misc{RxJs,
  Author = {Reactive X},
  Key = {Reactive Programming, EventListeners},
  Title = {Reactive Programming Javascript Library},
  Url = {https://github.com/Reactive-Extensions/RxJS}
}


@misc{Umlet,
  Key = {UML, Tool},
  Url = {http://www.umlet.com/},
  Title = {Umlet - Free UML Tool}
}

@misc{Akka,
  Author = {Typesafe},
  Url = {http://akka.io/},
  Title = {Akka Tools Set},
  Key = {Akka, Actors, Concurrency}
}

@misc{PlayFramework,
  Author = {Typesafe},
  Url = {https://www.playframework.com/},
  Key = {Web, Framevork},
  Title = {Play Web Framework, Akka Based}
}

@misc{Activator&SBT,
  Author = {Typesafe},
  Key = {Compilation, Tool},
  Url = {https://www.typesafe.com/community/core-tools/activator-and-sbt},
  Title = {Activator tool and Scala Build Tool}
}

@misc{MongoDB,
  Author ={Copyright © 2016 MongoDB, Inc.},
  Key = {Database NoSql},
  Url = {https://www.mongodb.org/},
  Title = {NoSql Database}
}
@misc{ReactiveMongo,
  Author ={© 2012 – 2015, Stephane Godbillon & contributors },
  Key = {Data Access Library},
  Url = {http://reactivemongo.org/},
  Title = {Reactive Asincronous NoSql Database Access}
}

@misc{C3JS,
  Author = {Masayuki Tanaka},
  Key = {Javascript, Charts, Pie, Graphs},
  Url = {http://c3js.org/},
  Title = {C3 Js - D3-based reusable chart library}
}
@misc{PlayStreaming,
  Author = {Typesafe},
  key = {Streaming, data, computation},
  Url = {https://www.playframework.com/documentation/2.4.x/Iteratees},
  Title = {Handling Streaming in play 2.4}
}
@misc{Scalacheck,
  Author = {Rickard Nilsson},
  key = {Property Based testing, library, Scala},
  Url = {https://www.scalacheck.org/},
  Title = {ScalaCheck: Property-based testing for Scala}
}
